<?xml version="1.0" encoding="UTF-8"?>
<collection xmlns:xsi="http://www.w3.org/2001/XMLSchema-instance" xsi:schemaLocation="http://www.loc.gov/MARC21/slim http://www.loc.gov/standards/marcxml/schema/MARC21slim.xsd" xmlns="http://www.loc.gov/MARC21/slim">
<record>
  <leader>00734nam a2200217Ma 4500</leader>
  <controlfield tag="001">630200</controlfield>
  <controlfield tag="003">NNC</controlfield>
  <controlfield tag="005">20030428204455.0</controlfield>
  <controlfield tag="008">880107q19701979iq       b    000 0 ara d</controlfield>
  <datafield tag="035" ind1=" " ind2=" ">
    <subfield code="a">(OCoLC)ocm17467688</subfield>
  </datafield>
  <datafield tag="035" ind1=" " ind2=" ">
    <subfield code="a">(CStRLIN)NYCG88-B1597</subfield>
  </datafield>
  <datafield tag="035" ind1=" " ind2=" ">
    <subfield code="9">ACT6298CU</subfield>
  </datafield>
  <datafield tag="040" ind1=" " ind2=" ">
    <subfield code="a">NYP</subfield>
    <subfield code="c">NYP</subfield>
  </datafield>
  <datafield tag="100" ind1="1" ind2=" ">
    <subfield code="a">Qaysī, Nūrī Ḥammūdī.</subfield>
  </datafield>
  <datafield tag="245" ind1="1" ind2="0">
    <subfield code="a">Dirāsāt fī al-shiʻr al-Jāhilī /</subfield>
    <subfield code="c">Nūrī Ḥammūdī al-Qaysī.</subfield>
  </datafield>
  <datafield tag="260" ind1=" " ind2=" ">
    <subfield code="a">[Baghdad] :</subfield>
    <subfield code="b">Sāʻadat Jāmiʻat Baghdad ʻalá nashrih ;</subfield>
    <subfield code="a">Dimashq :</subfield>
    <subfield code="b">Tawzīʻ Dār al-Fikr,</subfield>
    <subfield code="c">[197-?]</subfield>
  </datafield>
  <datafield tag="300" ind1=" " ind2=" ">
    <subfield code="a">232 p. ;</subfield>
    <subfield code="c">25 cm.</subfield>
  </datafield>
  <datafield tag="504" ind1=" " ind2=" ">
    <subfield code="a">Includes bibliographic references.</subfield>
  </datafield>
  <datafield tag="500" ind1=" " ind2=" ">
    <subfield code="a">In Arabic.</subfield>
  </datafield>
  <datafield tag="650" ind1=" " ind2="0">
    <subfield code="a">Arabic poetry</subfield>
    <subfield code="y">To 622</subfield>
    <subfield code="x">History and criticism.</subfield>
  </datafield>
  <datafield tag="955" ind1=" " ind2=" ">
    <subfield code="b">CU01103695</subfield>
    <subfield code="d">off,glx</subfield>
    <subfield code="e">PJ7543 .Q39 1970z</subfield>
  </datafield>
</record>
</collection>